@article{hannaolken,
	title={Universal basic incomes versus targeted transfers: Anti-poverty 
	programs in developing countries},
	author={Hanna, Rema and Olken, Benjamin A},
	journal={Journal of Economic Perspectives},
	volume={32},
	number={4},
	pages={201--26},
	year={2018}
}

@article{spm,
  title={The {Supplemental Poverty Measure}: 2018},
  author={Fox, Liana},
  journal={Current population reports},
  year={2019},
  url={https://census.gov/content/dam/Census/library/publications/2019/demo/p60-268.pdf}
}